@misc{special,
    author = {ศารทูล วุฒิศักดิ์ศิลป์},
    title = "SPECIALTY COFFEE คืออะไร? ทำไมกาแฟไทยจึงฮิตหาทำ !",
    year = {2020},
    howpublished = {https://www.coffeepressthailand.com/2020/08/07/specialty-coffee/},
}

@misc{wheel,
    author = {TCBR ADMIN},
    title = "วงล้อกลิ่นและรสชาติกาแฟ",
    year = {2019},
    howpublished = {https://thecoffeebeanroasting.com/blog/flavor-wheel.html},
}
